<collection xmlns="http://www.loc.gov/MARC21/slim">
<record>
  <leader>01753nam0a22003491i 450 </leader>
  <controlfield tag="001">IT\ICCU\CNCE\053589</controlfield>
  <controlfield tag="005">20150527000000.0</controlfield>
  <datafield tag="012" ind1=" " ind2=" ">
    <subfield code="a">a,o- urei sohe Hosi (C) 1550 (Q)</subfield>
    <subfield code="2">fei</subfield>
  </datafield>
  <datafield tag="100" ind1=" " ind2=" ">
    <subfield code="a">20021203f1550        0itac0103    ba</subfield>
  </datafield>
  <datafield tag="101" ind1=" " ind2=" ">
    <subfield code="a">ITA</subfield>
  </datafield>
  <datafield tag="102" ind1=" " ind2=" ">
    <subfield code="a">IT</subfield>
  </datafield>
  <datafield tag="200" ind1="1" ind2=" ">
    <subfield code="a">℗La ℗pazzia</subfield>
  </datafield>
  <datafield tag="210" ind1=" " ind2=" ">
    <subfield code="d">\circa 1550!</subfield>
    <subfield code="e">Stampata in India pastinaca</subfield>
    <subfield code="g">per messer non mi biasimate all&apos;uscire delle mascare &amp; delle pazzie carnoualesche</subfield>
  </datafield>
  <datafield tag="215" ind1=" " ind2=" ">
    <subfield code="a">\36! c.</subfield>
    <subfield code="d">8ʻ</subfield>
  </datafield>
  <datafield tag="300" ind1=" " ind2=" ">
    <subfield code="a">Opera attribuita sia a Vianesio Albergati, sia a Ortensio Lando, sia a Claudio Tolomei; cfr.: La pazzia. A cura di Paola Malaguti,  http://www.nuovorinascimento.org/n-rinasc/testi/pdf/pazzia/pazzia.pdf</subfield>
  </datafield>
  <datafield tag="620" ind1=" " ind2=" ">
    <subfield code="a">UN</subfield>
    <subfield code="d">India Pastinaca</subfield>
  </datafield>
  <datafield tag="702" ind1=" " ind2="1">
    <subfield code="a">Lando,</subfield>
    <subfield code="b">Ortensio</subfield>
    <subfield code="3">IT\ICCU\CNCA\006594</subfield>
  </datafield>
  <datafield tag="702" ind1=" " ind2="1">
    <subfield code="a">Tolomei,</subfield>
    <subfield code="b">Claudio</subfield>
    <subfield code="3">IT\ICCU\CNCA\007327</subfield>
  </datafield>
  <datafield tag="702" ind1=" " ind2="1">
    <subfield code="a">Albergati,</subfield>
    <subfield code="b">Vianesio</subfield>
    <subfield code="3">IT\ICCU\CNCA\010932</subfield>
  </datafield>
  <datafield tag="712" ind1="0" ind2="2">
    <subfield code="a">Messer non mi biasimate</subfield>
    <subfield code="3">IT\ICCU\CNCT\003936</subfield>
    <subfield code="4">650</subfield>
  </datafield>
  <datafield tag="712" ind1="0" ind2="2">
    <subfield code="a">s.n.</subfield>
    <subfield code="3">IT\ICCU\CNCT\000002</subfield>
    <subfield code="4">650</subfield>
  </datafield>
  <datafield tag="790" ind1=" " ind2="0">
    <subfield code="a">Anonimo</subfield>
    <subfield code="c"> : d&apos;Utopia</subfield>
    <subfield code="3">IT\ICCU\CNCA\007612</subfield>
    <subfield code="z">Lando, Ortensio</subfield>
  </datafield>
  <datafield tag="790" ind1=" " ind2="1">
    <subfield code="a">Landi,</subfield>
    <subfield code="b">Ortensio</subfield>
    <subfield code="3">IT\ICCU\CNCA\014463</subfield>
    <subfield code="z">Lando, Ortensio</subfield>
  </datafield>
  <datafield tag="790" ind1=" " ind2="0">
    <subfield code="a">Philaletes Polytopiensis</subfield>
    <subfield code="3">IT\ICCU\CNCA\016029</subfield>
    <subfield code="z">Lando, Ortensio</subfield>
  </datafield>
  <datafield tag="790" ind1=" " ind2="0">
    <subfield code="a">Tranquillo</subfield>
    <subfield code="3">IT\ICCU\CNCA\020086</subfield>
    <subfield code="z">Lando, Ortensio</subfield>
  </datafield>
  <datafield tag="790" ind1=" " ind2="0">
    <subfield code="a">Andronico Collodio</subfield>
    <subfield code="3">IT\ICCU\CNCA\029856</subfield>
    <subfield code="z">Lando, Ortensio</subfield>
  </datafield>
  <datafield tag="790" ind1=" " ind2="1">
    <subfield code="a">Ptolemaeus,</subfield>
    <subfield code="b">Claudius</subfield>
    <subfield code="c"> &lt;1492-1555&gt;</subfield>
    <subfield code="3">IT\ICCU\CNCA\025067</subfield>
    <subfield code="z">Tolomei, Claudio</subfield>
  </datafield>
  <datafield tag="790" ind1=" " ind2="1">
    <subfield code="a">Tholomei,</subfield>
    <subfield code="b">Claudio</subfield>
    <subfield code="3">IT\ICCU\CNCA\025068</subfield>
    <subfield code="z">Tolomei, Claudio</subfield>
  </datafield>
  <datafield tag="801" ind1=" " ind2="3">
    <subfield code="a">IT</subfield>
    <subfield code="b">ICCU</subfield>
    <subfield code="c">20201115</subfield>
  </datafield>
  <datafield tag="899" ind1=" " ind2=" ">
    <subfield code="a">Biblioteca Apostolica Vaticana. Citt ̉del Vaticano</subfield>
    <subfield code="1">EX0001</subfield>
    <subfield code="2">ZCV 01</subfield>
  </datafield>
  <datafield tag="899" ind1=" " ind2=" ">
    <subfield code="a">Biblioteca Estense Universitaria. Modena</subfield>
    <subfield code="1">MO0089</subfield>
    <subfield code="2">MOD BE</subfield>
  </datafield>
  <datafield tag="899" ind1=" " ind2=" ">
    <subfield code="a">Biblioteca nazionale centrale. Roma</subfield>
    <subfield code="1">RM0267</subfield>
    <subfield code="2">BVE CR</subfield>
  </datafield>
</record>
</collection>
